@article{JOHNSON19986,
year = {1998},
title = {A universal definition of soil},
journal = {Quaternary International},
volume = {51},
number = {},
pages = {6 - 7},
note = {},
issn = {1040-6182},
doi = {http://dx.doi.org/10.1016/S1040-6182(98)90184-7},
url = {http://www.sciencedirect.com/science/article/pii/S1040618298901847},
author = {Johnson, D.L.},
abstract = {}
}

@book{united1999soil,
  title={Soil Taxonomy: A Basic System of Soil Classification for Making and Interpreting Soil Surveys},
  author={USDA},
  lccn={99488920},
  series={Agriculture handbook},
  url={https://books.google.it/books?id=eMx1AQAACAAJ},
  year={1999},
  publisher={U.S. Department of Agriculture, Natural Resources Conservation Service}
}

@book{jenny1994factors,
  title={Factors of soil formation: a system of quantitative pedology},
  author={Jenny, H.},
  year={1994},
  publisher={Courier Corporation}
}

@article{jenny1941factors,
  title={Factors of soil formation: A system of quantitative pedology},
  author={Jenny, H.},
  year={1941},
  publisher={{McGraw-Hill, New York}}
}

@article{montemurro2008anaerobic,
  title={Anaerobic digestates application on fodder crops: effects on plant and soil},
  author={Montemurro, F. and Canali, S. and Convertini, G. and Ferri, D. and Tittarelli, F. and Vitti, C.},
  journal={Agrochimica},
  volume={52},
  number={5},
  pages={297--312},
  year={2008},
  publisher={Pacini}
}

@article{Monnier_1973,
  title={ \`{U}ne m\'{e}thode de mesure de la densit\'{e} apparente de petite agglom\'{e}rats terreux.},
  author={Monnier, G. and Stengel, P. and Fies, J.C.},
  journal={Ann. Agron.},
  pages = {533-534},
  volume={24},
  number={5},
  year={1973}
}

@article{pagliai2002soil,
  title={The soil pore system as an indicator of soil quality},
  author={Pagliai, M. and Vignozzi, N.},
  journal={Advances in GeoEcology},
  volume={35},
  pages={69-80},
  year={2002}
}

@book{radaelli2001chimica,
  title={Chimica del terreno},
  author={Radaelli, L. and Calamai, L.},
  year={2001},
  publisher={Piccin}
}

@article{greenland1977soil,
  title={Soil damage by intensive arable cultivation: temporary or permanent?},
  author={Greenland, D.J. and Pereira, H.C.},
  journal={Philosophical Transactions of the Royal Society of London B: Biological Sciences},
  volume={281},
  number={980},
  pages={193--208},
  year={1977},
  publisher={The Royal Society}
}

@article{mizuta2015soil,
  title={Soil aggregate formation and stability induced by starch and cellulose},
  author={Mizuta, K. and Taguchi, S. and Sato, S.},
  journal={Soil Biology and Biochemistry},
  volume={87},
  pages={90--96},
  year={2015},
  publisher={Elsevier}
}

@article{d2017physical,
  title={Physical protection of organic matter in minesoils assessed by low-temperature ashing (LTA)},
  author={D'Acqui, L.P. and Bonetti, A. and Pini, R. and Certini, G.},
  journal={Geoderma},
  volume={288},
  pages={120--129},
  year={2017},
  publisher={Elsevier}
}

@article{mendoza2011assessment,
  title={Assessment of properties of a Harkey soil under organic and conventional farming systems},
  author={Mendoza, G.O. and Shukla, M.K. and Mexal, J.G. and VanLeeuwen, D.M. and Ikemura, Y.},
  journal={Communications in soil science and plant analysis},
  volume={42},
  number={15},
  pages={1791--1808},
  year={2011},
  publisher={Taylor \& Francis}
}

@article{muckel1996soil,
  title={Soil quality information sheets},
  author={Muckel, G.B. and Mausbach, M.J.},
  journal={Methods for Assessing Soil Quality},
  number={methodsforasses},
  pages={393--400},
  year={1996},
  publisher={Soil Science Society of America}
}

@inproceedings{de1985aggregate,
  title={Aggregate stability, runoff generation and interrill erosion},
  author={De Ploey, J. and Poesen, J.},
  booktitle={Geomorphology and soils / edited by K.S. Richards, R.R. Arnett, and S. Ellis ; published in association with a conference of the British Geomorphological Research Group, University of Hull, 28-30 September 1984},
  year={1985},
  organization={London: G. Allen \& Unwin, 1985.}
}

@article{bissonnais1996aggregate,
  title={Aggregate stability and assessment of soil crustability and erodibility: I. Theory and methodology},
  author={Le Bissonnais, Y.},
  journal={European Journal of Soil Science},
  volume={47},
  number={4},
  pages={425--437},
  year={1996},
  publisher={Wiley Online Library}
}

@article {EJSS4_12311,
author = {Le Bissonnais, Y.},
title = {Aggregate stability and assessment of soil crustability and erodibility: I. Theory and methodology},
journal = {European Journal of Soil Science},
volume = {67},
number = {1},
publisher = {Blackwell Publishing Ltd},
issn = {1365-2389},
url = {http://dx.doi.org/10.1111/ejss.4_12311},
doi = {10.1111/ejss.4_12311},
pages = {11--21},
year = {2016}
}

@article{le1988comportement,
  title={Comportement d'agr{\'e}gats terreux soumis {\`a} l'action de l'eau: analyse des m{\'e}canismes de d{\'e}sagr{\'e}gation},
  author={Le Bissonnais, Y.},
  journal={Agronomie},
  volume={8},
  number={10},
  pages={915--924},
  year={1988}
}

@article{truman1990antecedent,
  title={Antecedent water content and rainfall energy influence on soil aggregate breakdown},
  author={Truman, C.C. and Bradford, J.M. and Ferris, J.E.},
  journal={Soil Science Society of America Journal},
  volume={54},
  number={5},
  pages={1385--1392},
  year={1990},
  publisher={Soil Science Society of America}
}

@article{chan1994slaking,
  title={Slaking characteristics of some Australian and British soils},
  author={Chan, K.Y. and Mullins, C.E.},
  journal={European Journal of Soil Science},
  volume={45},
  number={3},
  pages={273--283},
  year={1994},
  publisher={Wiley Online Library}
}

@article{tisdall1982organic,
  title={Organic matter and water-stable aggregates in soils},
  author={Tisdall, J.M. and Oades, J.M.},
  journal={European Journal of Soil Science},
  volume={33},
  number={2},
  pages={141--163},
  year={1982},
  publisher={Wiley Online Library}
}

@book{lal2004principles,
  title={Principles of soil physics},
  author={Lal, R. and Shukla, M.K.},
  year={2004},
  publisher={CRC Press}
}

@article{al1982mechanism,
  title={The mechanism of raindrop splash on soil surfaces},
  author={Al-Durrah, M.M. and Bradford, J.M.},
  journal={Soil Science Society of America Journal},
  volume={46},
  number={5},
  pages={1086--1090},
  year={1982},
  publisher={Soil Science Society of America}
}

@article{sumner1992electrical,
  title={The electrical double layer and clay dispersion},
  author={Sumner, M.E.},
  journal={Soil crusting: chemical and physical processes},
  pages={1--31},
  year={1992},
  publisher={Advances in Soil Science, Boca Raton, Florida}
}

@article{barthes1999relationship,
  title={Relationship between soil erodibility and topsoil aggregate stability or carbon content in a cultivated Mediterranean highland (Aveyron, France)},
  author={Barth{\`e}s, B. and Albrecht, A. and Asseline, J. and De Noni, G. and Roose, E.},
  journal={Communications in Soil Science \& Plant Analysis},
  volume={30},
  number={13-14},
  pages={1929--1938},
  year={1999},
  publisher={Taylor \& Francis}
}


@misc{Fertilcrop,
      title = {"Fertility Building Management Measures in Organic Cropping Systems"},
      year = {2015},
      url={http://www.fertilcrop.net/}
}

@book{ugolini2010basi,
  title={Basi di Pedologia: cos'\`e il suolo, come si forma, come va descritto e classificato},
  author={Ugolini, F.C. and Certini, G.},
  year={2010},
  publisher={Edagricole, Edizioni Agricole de Il sole 24ore}
}

@book{black1900method,
  title={Methods of Soil Analysis. Part 1-Physical and Mineralogical Methods.},
  editor={Klute, A.},
  series={SSSA Book Series 5},
  publisher={Soil Science Society of America, American Society of Agronomy},
  year={1986}
}

@book{ellis1996soil,
  title={Soil Fertility, Second Edition},
  author={Ellis, B. and Foth, H.},
  isbn={9781566702430},
  series={Environmental science agriculture and soils},
  url={https://books.google.it/books?id=URT1qVstE0kC},
  year={1996},
  publisher={Taylor \& Francis}
}

@unpublished{stefanini2007introduzione,
  title={Introduzione ai Metodi Bayesiani in Statistica Applicata},
  author={Stefanini, F.M.},
  year={2016},
  note={Manuale riservato agli studenti del corso}
}

@MastersThesis{LuigiTesi,
	title={Approccio sperimentale alla caratterizzazione della microstruttura del suolo},
    author={D'Acqui, L.P.},
    school={Universit\`{a} degli Studi di Firenze},
    year={1988}
    }

@book{tassinari1976manuale,
  title={Manuale dell’agronomo-V Edizione},
  author={Tassinari, G.},
  year={1976},
  publisher={REDA, edizioni per l’agricoltura. Torino, Italia}
}

@article{AskinBulkDensity,
	title={Soil bulk density as related to soil particle size distribution and organic matter content},
	author={A\c{s}kin, T. and \"{O}zdemir, N.}, %%{Askin, T. and Ozdemir, N.},
	year={2003},
	journal={Poljoprivreda/Agriculture},
	volume={9},
	pages={52--55}
 }

@manual{Bio_cifre,
   author = {MiPAAF},
   title = {Bio in cifre},
   year = {2017},
   url = {http://www.sinab.it/sites/default/files/share/Bio%20in%20cifre%202017%20%282%29.pdf}
 }

@misc{SoilTr,
   author = {Jelinski, N.},
   title = {The Historical Development of the USDA textural triangle},
   year = {2014},
   url = {http://umnsoilsteam.blogspot.it/2014/09/the-historical-development-of-usda.html}
 }

@misc{MOLTE,
   author = {DISPAA},
   title = {Montepaldi Long Term Experiment},
   year = {2016},
   url = {http://www.dispaa.unifi.it/vp-458-molte.html}
 }

@manual{Mas_2000,
title = {User Manual},
organization = {Malvern Instruments Ltd.},
year = {2007},
url = {https://www2.warwick.ac.uk/fac/cross_fac/sciencecity/programmes/internal/themes/am2/booking/particlesize/mastersizer_2000_main_manual.pdf},
note = {Mastersizer 2000 series}
}

@manual{carli1989particle,
  title={Particle Size Distrbution of Reference Materials by Microcomputerised Mercury Porosimetry},
  author={Carli, F. and Motta, A.},
  organization={Carlo Erba Instruments (Porosimeter 2000 Series) Instruction Manual},
  year={1989}
}

@manual{Pascal_140,
title = {Instruction manual porosimeter PASCAL 140},
organization = {Fisons instruments},
year = {1996},
}

@article{sudarsan2014soil,
  title={Soil health sustainability and organic farming: A review},
  author={Biswas, S. Ali, M.N. and Goswami, R. and Chakraborty, S.},
  journal={Journal of Food, Agriculture \& Environment},
  volume={12},
  number={3\&4},
  pages={237--243},
  year={2014}
}

@article{williams2017organic,
  title={Organic Farming and Soil Physical Properties: An Assessment after 40 Years},
  author={Williams, D.M. and Blanco-Canqui, H. and Francis, C.A. and Galusha, T.D.},
  journal={Agronomy Journal},
  volume={109},
  number={2},
  pages={600--609},
  year={2017},
  publisher={The American Society of Agronomy, Inc.}
}

@article{green2005soil,
  title={Soil physical properties and aggregate-associated C, N, and P distributions in organic and conventional cropping systems},
  author={Green, V.S. and Cavigelli, M.A. and Dao, T.H. and Flanagan, D.C.},
  journal={Soil Science},
  volume={170},
  number={10},
  pages={822--831},
  year={2005},
  publisher={LWW}
}

@book{paul2014soil,
  title={Soil microbiology, ecology and biochemistry},
  author={Paul, E.A.},
  year={2014},
  publisher={Academic press}
}

@article{ikemura2008some,
  title={Some physical and chemical properties of soil in organic and conventional farms for a semi-arid ecosystem of New Mexico},
  author={Ikemura, Y. and Shukla, M.K. and Tahboub, M. and Leinauer, B.},
  journal={Journal of sustainable agriculture},
  volume={31},
  number={4},
  pages={149--170},
  year={2008},
  publisher={Taylor \& Francis}
}

@article{siegrist1998does,
title={Does organic agriculture reduce soil erodibility? The results of a long-term field study on loess in Switzerland},
  author={Siegrist, S. and Schaub, D. and Pfiffner, L. and M{\"a}der, P.},
  journal={Agriculture, Ecosystems \& Environment},
  volume={69},
  number={3},
  pages={253--264},
  year={1998},
  publisher={Elsevier}
}

@article{vian2009effects,
  title={Effects of four tillage systems on soil structure and soil microbial biomass in organic farming},
  author={Vian, J.F, and Peign{\'e}, J. and Chaussod, R. and Roger-Estrade, J.},
  journal={Soil Use and Management},
  volume={25},
  number={1},
  pages={1--10},
  year={2009},
  publisher={Wiley Online Library}
}


@article{migliorini2014agronomic,
title={Agronomic performance, carbon storage and nitrogen utilisation of long-term organic and conventional stockless arable systems in Mediterranean area},
author={Migliorini, P. and Moschini, V. and Tittarelli, F. and Ciaccia, C. and Benedettelli, S. and Vazzana, C. and Canali, S.},
journal={European journal of agronomy},
volume={52},
pages={138--145},
year={2014},
publisher={Elsevier}
}

@article{vereijken1994designing,
  title={Designing prototypes},
  author={Vereijken, P. and Wijnands, F. and Stol, W. and Visser, R.},
  journal={Progress report},
  volume={1},
  pages={90},
  year={1994}
}

@article{vereijken1997methodical,
  title={A methodical way of prototyping integrated and ecological arable farming systems (I/EAFS) in interaction with pilot farms},
  author={Vereijken, P.},
  journal={Developments in Crop Science},
  volume={25},
  pages={293--308},
  year={1997},
  publisher={Elsevier}
}

@article{vazzana1997nuova,
  title={Una nuova metodologia europea per la progettazione e gestione di agrosistemi integrati ed ecologici: applicazione in un'area agricola Toscana},
  author={Vazzana, C. and Raso, E. and Pieri, S.},
  journal={Riv. Agron},
  volume={2},
  pages={423--440},
  year={1997}
}


@article{raso1999applicazione,
  title={Applicazione di una metodologia europea per la gestione di agrosistemi a basso impatto ambientale: risultati di una sperimentazione condotta in Toscana},
  author={Raso, E. and Vazzana, C.},
  journal={Riv. Agron},
  volume={33},
  pages={228--239},
  year={1999}
}

@article{vereijken1999manual,
  title={Manual for prototyping Integrated and Ecological Arable Farming Systems (I/EAFS)},
  author={Vereijken, P.},
  journal={Interaction with pilot farms, ABD-LO, Wageningen},
  year={1999}
}

@article{migliorini2007biodiversity,
  title={Biodiversity indicators for sustainability evaluation of conventional and organic agro-ecosystems},
  author={Migliorini, P. and Vazzana, C.},
  journal={Italian Journal of Agronomy},
  volume={2},
  number={2},
  pages={105--110},
  year={2007}
}
@article{vazzana2008sustainability,
  title={Sustainability evaluation of long term organic farm systems},
  author={Vazzana, C. and Raso, E. and Migliorini, P.},
  year={2008}
}
@article{gaifami2017influence,
  title={Influence in time and space of non-crop elements with associated functional traits on biocontrol, within the Montepaldi Long-Term Experiment, Tuscany},
  author={Gaifami, T. and Pacini, G.C.},
  year={2017}
}


@manual{ue2007834,
  title        = {{Regolamento CE 834/2007 relativo alla produzione biologica e all’etichettatura dei prodotti biologici}},
  journal      = {{Gazzetta Ufficiale dell’Unione Europea}},
  year         = {{Consiglio del 28 giugno 2007}},
  note         = {L 189 del 20.07.2007}
}




@misc{scattering,
   author = {Wikipedia},
   title = {Diffusione ottica --- Wikipedia{,} L'enciclopedia libera},
   year = {2017},
   url = {http://it.wikipedia.org/w/index.php?title=Diffusione_ottica&oldid=88685006},
   note = {[Online; in data 2-ottobre-2017]}
}

@article{bedini2013mycorrhizal,
  title={Mycorrhizal activity and diversity in a long-term organic Mediterranean agroecosystem},
  author={Bedini, S. and Avio, L. and Sbrana, C. and Turrini, A. and Migliorini, P. and Vazzana, C. and Giovannetti, M.},
  journal={Biology and fertility of soils},
  volume={49},
  number={7},
  pages={781--790},
  year={2013},
  publisher={Springer}
}


@article{tisdall1951comparison,
  title={Comparison of methods of determining apparent density of soils},
  author={Tisdall, A.L.},
  journal={Australian Journal of Agricultural Research},
  volume={2},
  number={3},
  pages={349--354},
  year={1951},
  publisher={CSIRO}
}

@misc{Ciuffoletti_2014,
   author = {Ciuffoletti, Z.},
   title = {Dalla “rivoluzione agricola” alla “rivoluzione verde”},
   year = {2014},
   url = {http://www.georgofili.info/detail.aspx?id=1639}
 }


@techreport{SoilQualStab,
  title={Soil Quality Indicator Sheets, Aggregate Stability},
  institution={USDA},
  year={2008},
  url={https://www.nrcs.usda.gov/wps/PA_NRCSConsumption/download?cid=nrcs142p2_051276&ext=pdf}
}

@article{Slaking,
  title={Slaking},
  author={USDA},
  journal={Soil Quality Indicator Sheets},
  year={2008},
  url={https://www.nrcs.usda.gov/wps/PA_NRCSConsumption/download?cid=nrcs142p2_051898&ext=pdf}
}


@article{tukey1949comparing,
  title={Comparing individual means in the analysis of variance},
  author={Tukey, J.W.},
  journal={Biometrics},
  pages={99--114},
  year={1949},
  publisher={JSTOR}
}

@Manual{r_programming,
  title = {R: A Language and Environment for Statistical Computing},
  author = {{R Core Team}},
  organization = {R Foundation for Statistical Computing},
  address = {Vienna, Austria},
  year = {2017},
  url = {https://www.R-project.org/},
}
@article{multcomp,
  title = {Simultaneous Inference in General Parametric Models},
  author = {Hothorn, T. and Bretz, F. and Westfall, P.},
  journal = {Biometrical Journal},
  year = {2008},
  volume = {50},
  number = {3},
  pages = {346--363},
}
@Manual{TH.data,
  title = {TH.data: TH's Data Archive},
  author = {Hothorn, T.},
  year = {2017},
  note = {R package version 1.0-8},
  url = {https://CRAN.R-project.org/package=TH.data},
}
@Book{MASS4,
  title = {Modern Applied Statistics with S},
  author = {Venables, W.N. and Ripley, B.D.},
  publisher = {Springer},
  edition = {Fourth},
  address = {New York},
  year = {2002},
  note = {ISBN 0-387-95457-0},
  url = {http://www.stats.ox.ac.uk/pub/MASS4},
}
@Manual{survival-package,
  title = {A Package for Survival Analysis in S},
  author = {Therneau, T.M.},
  year = {2015},
  note = {version 2.38},
  url = {https://CRAN.R-project.org/package=survival},
}

@Book{survival-book,
  title = {Modeling Survival Data: Extending the {C}ox Model},
  author = {Therneau, T.M. and Grambsch, P.M.},
  year = {2000},
  publisher = {Springer},
  address = {New York},
  isbn = {0-387-98784-3},
}
@Manual{mvtnorm,
  title = {{mvtnorm}: Multivariate Normal and t Distributions},
  author = {Genz, A. and Bretz, F. and Miwa, T. and Mi, X. and Leisch, F. and Scheipl, F. and Hothorn, T.},
  year = {2017},
  note = {R package version 1.0-6},
  url = {https://CRAN.R-project.org/package=mvtnorm},
}

@Book{Genz_Bretz,
  title = {Computation of Multivariate Normal and t Probabilities},
  author = {Genz, A. and Bretz, F.},
  series = {Lecture Notes in Statistics},
  year = {2009},
  publisher = {Springer-Verlag},
  address = {Heidelberg},
  isbn = {978-3-642-01688-2},
}
@Manual{agricolae,
  title = {agricolae: Statistical Procedures for Agricultural Research},
  author = {De Mendiburu, F.},
  year = {2016},
  note = {R package version 1.2-4},
  url = {https://CRAN.R-project.org/package=agricolae},
}
@Manual{foreign,
  title = {foreign: Read Data Stored by Minitab, S, SAS, SPSS, Stata, Systat, Weka,
dBase, ...},
  author = {{R Core Team}},
  year = {2017},
  note = {R package version 0.8-68},
  url = {https://CRAN.R-project.org/package=foreign},
}
@Manual{xtable,
  title = {xtable: Export Tables to LaTeX or HTML},
  author = {Dahl, D.B.},
  year = {2016},
  note = {R package version 1.8-2},
  url = {https://CRAN.R-project.org/package=xtable},
}
@Book{lattice,
  title = {Lattice: Multivariate Data Visualization with R},
  author = {Sarkar, D.},
  publisher = {Springer},
  address = {New York},
  year = {2008},
  note = {ISBN 978-0-387-75968-5},
  url = {http://lmdvr.r-forge.r-project.org},
}
@article{Wickham,
  title = {The Split-Apply-Combine Strategy for Data Analysis},
  author = {Wickham, H.},
  journal = {Journal of Statistical Software},
  year = {2011},
  volume = {40},
  number = {1},
  pages = {1--29},
  url = {http://www.jstatsoft.org/v40/i01/},
}
@Manual{nlme,
  title = {{nlme}: Linear and Nonlinear Mixed Effects Models},
  author = {Pinheiro, J. and Bates, D. and DebRoy, S. and Sarkar, D. and {R Core Team}},
  year = {2016},
  note = {R package version 3.1-128},
  url = {http://CRAN.R-project.org/package=nlme},
}

@Manual{compositional,
  title = {Compositions: Compositional Data Analysis},
  author = {Gerald, K. and den Boogaart, V. and Tolosana-Delgado, R. and Bren, M.},
  year = {2014},
  note = {R package version 1.40-1},
  url = {https://CRAN.R-project.org/package=compositions}
}

@book{van2013analyzing,
  title={Analyzing compositional data with R},
  author={den Boogaart, V. and Gerald, K. and Tolosana-Delgado, R.},
  volume={122},
  year={2013},
  publisher={Springer}
}

@book{aitchison1986statistical,
  title={The statistical analysis of compositional data},
  author={Aitchison, J.},
  year={1986},
  publisher={Chapman \&  Hall London}
}

@book{chambers1992statistical,
  title={Statistical Models in S},
  author={Chambers, J.M. and Hastie, T.},
  isbn={9780534167646},
  lccn={91017646},
  series={Wadsworth \& Brooks/Cole computer science series},
  url={https://books.google.it/books?id=uyfvAAAAMAAJ},
  year={1992},
  publisher={Wadsworth \& Brooks/Cole Advanced Books \& Software}
}

@book{fox2002r,
  title={An R and S-Plus Companion to Applied Regression},
  author={Fox, J.},
  isbn={9780761922803},
  lccn={2002066787},
  url={https://books.google.it/books?id=xWS8kgRjGcAC},
  year={2002},
  publisher={SAGE Publications}
}

@book{faraway2004,
  title={Linear Models with R},
  author={Faraway, J.J.},
  isbn={9780203507278},
  series={Chapman \& Hall/CRC Texts in Statistical Science},
  url={https://books.google.it/books?id=fvenzpofkagC},
  year={2004},
  publisher={Taylor \& Francis}
}

@misc{MsizerDiff,
	title={Granulometria Laser-Laboratorio - La diffrazione laser},
	author={{Alfatest Strumentazione scientifica}},
	url = {http://www.alfatest.it/pagina.php?p=1},
	year = {2010}
}

@misc{MieScatter,
	title={Mie/Rayleigh/Raman},
	author={LaVision},
	url = {http://www.lavision.de/en/techniques/mie-rayleigh-raman/},
	year = {2017}
}



@article{benbi1998influence,
  title={Influence of farmyard manure, inorganic fertilizers and weed control practices on some soil physical properties in a long-term experiment},
  author={Benbi, D.K. and Biswas, C.R. and Bawa, S.S. and Kumar, K.},
  journal={Soil Use and Management},
  volume={14},
  number={1},
  pages={52--54},
  year={1998},
  publisher={Wiley Online Library}
}

@article{haynes1998influence,
  title={Influence of lime, fertilizer and manure applications on soil organic matter content and soil physical conditions: a review},
  author={Haynes, R.J. and Naidu, R.},
  journal={Nutrient cycling in agroecosystems},
  volume={51},
  number={2},
  pages={123--137},
  year={1998},
  publisher={Springer}
}



@article{hati2006effect,
  title={Effect of inorganic fertilizer and farmyard manure on soil physical properties, root distribution, and water-use efficiency of soybean in Vertisols of central India},
  author={Hati, K.M. and Mandal, K.G. and Misra, A.K. and Ghosh, P.K. and Bandyopadhyay, K.K.},
  journal={Bioresource Technology},
  volume={97},
  number={16},
  pages={2182--2188},
  year={2006},
  publisher={Elsevier}
}

@manual{agricoledecreto,
  title = {GU Serie Generale n.121 del 25-05-1992 - Suppl. Ordinario n. 79. Approvazione dei "Metodi ufficiali di analisi chimica del suolo"},
  author= {{Ministero dell'agricoltura e delle foreste}},
  year  = {Decreto ministeriale dell'11 maggio 1992},
  url   = {http://www.gazzettaufficiale.it/eli/id/1992/05/25/092A2322/sg}
}

@article{pawlowsky2007lecture,
  title={Lecture notes on compositional data analysis},
  author={Pawlowsky-Glahn, V. and Egozcue, J.J. and Tolosana Delgado, R.},
  year={2007},
  publisher={Universitat de Girona}
}









